<record><leader>00000cas a2200000Ka 4500</leader><controlfield tag="001">25053221</controlfield><controlfield tag="008">920106d19801982ohuwr ne      0    0eng d</controlfield><datafield ind1=" " ind2=" " tag="010"><subfield code="a">sn 91074544 </subfield></datafield><datafield ind1=" " ind2=" " tag="040"><subfield code="a">ONP</subfield><subfield code="b">eng</subfield><subfield code="c">ONP</subfield><subfield code="d">OCL</subfield><subfield code="d">OCLCQ</subfield></datafield><datafield ind1="0" ind2="0" tag="245"><subfield code="a">Suburbia news Worthington.</subfield></datafield><datafield ind1="3" ind2="0" tag="246"><subfield code="a">Worthington suburbia news</subfield></datafield><datafield ind1=" " ind2=" " tag="260"><subfield code="a">Columbus, Ohio :</subfield><subfield code="b">Linden News Pub. Co.,</subfield><subfield code="c">1980-1982.</subfield></datafield><datafield ind1=" " ind2=" " tag="300"><subfield code="a">v.</subfield></datafield><datafield ind1=" " ind2=" " tag="310"><subfield code="a">Weekly</subfield></datafield><datafield ind1="0" ind2=" " tag="362"><subfield code="a">4th year, no. 42 (Apr. 23, 1980)-7th year, no. 2 (Feb. 24, 1982).</subfield></datafield><datafield ind1=" " ind2=" " tag="752"><subfield code="a">United States</subfield><subfield code="b">Ohio</subfield><subfield code="c">Franklin</subfield><subfield code="d">Columbus.</subfield></datafield><datafield ind1=" " ind2=" " tag="752"><subfield code="a">United States</subfield><subfield code="b">Ohio</subfield><subfield code="c">Franklin</subfield><subfield code="d">Worthington.</subfield></datafield><datafield ind1="0" ind2="0" tag="780"><subfield code="t">Suburbia north Worthington</subfield><subfield code="w">(DLC)sn 91074543</subfield></datafield><datafield ind1="0" ind2="0" tag="785"><subfield code="t">Worthington suburbia news</subfield><subfield code="w">(DLC)sn 91074542</subfield></datafield></record>